@article{Bahdanau2015,
  author    = {Dzmitry Bahdanau and Kyunghyun Cho and Yoshua Bengio},
  title     = {Neural Machine Translation by Jointly Learning to Align and Translate},
  journal   = {ICLR},
  year      = {2015},
  url       = {https://arxiv.org/abs/1409.0473v7},
}

@article{Cho2014,
  author   = {Kyunghyun Cho and 
	  		  Bart van Merrienboer and 
			  Caglar Gulcehre and
	          Dzmitry Bahdanau and 
			  Fethi Bougares and 
			  Holger Schwenk and 
			  Yoshua Bengio},
  title    = {Learning Phrase Representations using RNN Encoder-Decoder for Statistical Machine Translation},
  journal  = {EMNLP},
  year     = {2014},
  url      = {https://arxiv.org/abs/1406.1078},
}
